<record><leader>00000cas a2200000Ma 4500</leader><controlfield tag="001">669900243</controlfield><controlfield tag="008">760620d181319uupauwr ne      0    0eng  </controlfield><datafield ind1=" " ind2=" " tag="010"><subfield code="a">   46035907 </subfield><subfield code="z">   08002795 </subfield></datafield><datafield ind1=" " ind2=" " tag="040"><subfield code="a">DLC</subfield><subfield code="b">eng</subfield><subfield code="c">VA@</subfield><subfield code="d">OCLCQ</subfield><subfield code="d">OCLCF</subfield><subfield code="d">OCLCO</subfield></datafield><datafield ind1="1" ind2="4" tag="050"><subfield code="a">BX8901</subfield><subfield code="b">.C55</subfield></datafield><datafield ind1="0" ind2=" " tag="130"><subfield code="a">Christian observer (Philadelphia, Pa.)</subfield></datafield><datafield ind1="0" ind2="4" tag="245"><subfield code="a">The Christian observer.</subfield></datafield><datafield ind1="0" ind2="0" tag="246"><subfield code="a">Philadelphian</subfield></datafield><datafield ind1=" " ind2=" " tag="260"><subfield code="a">Philadelphia [Pa.] :</subfield><subfield code="b">A. Converse,</subfield></datafield><datafield ind1=" " ind2=" " tag="300"><subfield code="a">v. ;</subfield><subfield code="c">42-71 cm.</subfield></datafield><datafield ind1=" " ind2=" " tag="310"><subfield code="a">Weekly</subfield></datafield><datafield ind1="1" ind2=" " tag="362"><subfield code="a">Publication began with issue for Sept. 4, 1813.</subfield></datafield><datafield ind1=" " ind2=" " tag="588"><subfield code="a">Description based on: Vol. 19, no. 20 (May 14, 1840).</subfield></datafield><datafield ind1=" " ind2=" " tag="500"><subfield code="a">Editors: Amasa Converse (with Francis Bartlett, Nov. 26, 1841-Nov. 11, 1842; George Duffield, Jr., Jan.-Dec. 1853; F.B. Converse, &lt;1858&gt;); F.B. Converse and others, &lt;1907&gt;; H.P. Converse, J.R. Herndon, &lt;1907&gt;.</subfield></datafield><datafield ind1=" " ind2=" " tag="515"><subfield code="a">Issues also bear new series numbering, &lt;new ser., no. 20-&gt;.</subfield></datafield><datafield ind1=" " ind2="0" tag="650"><subfield code="a">Presbyterian Church</subfield><subfield code="v">Periodicals.</subfield></datafield><datafield ind1=" " ind2="7" tag="655"><subfield code="a">Periodicals.</subfield><subfield code="2">fast</subfield><subfield code="0">(OCoLC)fst01411641</subfield></datafield><datafield ind1=" " ind2="7" tag="650"><subfield code="a">Presbyterian Church.</subfield><subfield code="2">fast</subfield><subfield code="0">(OCoLC)fst01075515</subfield></datafield><datafield ind1="1" ind2=" " tag="700"><subfield code="a">Converse, A.</subfield><subfield code="q">(Amasa),</subfield><subfield code="d">1795-1872.</subfield></datafield><datafield ind1="1" ind2=" " tag="700"><subfield code="a">Bartlett, Francis.</subfield></datafield><datafield ind1="1" ind2=" " tag="700"><subfield code="a">Duffield, George,</subfield><subfield code="d">1816-1888.</subfield></datafield><datafield ind1="1" ind2=" " tag="700"><subfield code="a">Converse, F. B.</subfield><subfield code="q">(Francis Bartlett),</subfield><subfield code="d">1836-1907.</subfield></datafield><datafield ind1="1" ind2=" " tag="700"><subfield code="a">Converse, Harry P.</subfield></datafield><datafield ind1="1" ind2=" " tag="700"><subfield code="a">Herndon, John Rankin,</subfield><subfield code="d">1862-1920.</subfield></datafield><datafield ind1=" " ind2=" " tag="752"><subfield code="a">United States</subfield><subfield code="b">Pennsylvania</subfield><subfield code="c">Philadelphia</subfield><subfield code="d">Philadelphia.</subfield></datafield><datafield ind1="0" ind2="0" tag="780"><subfield code="t">Southern religious telegraph</subfield></datafield><datafield ind1="0" ind2="5" tag="780"><subfield code="t">Southern Christian sentinel</subfield></datafield></record>